<record><leader>00000cas a22000007a 4500</leader><controlfield tag="001">1663218</controlfield><controlfield tag="007">hd afv---baca</controlfield><controlfield tag="008">750930d18241835kyuwr nea     0    0eng d</controlfield><controlfield tag="009">468</controlfield><datafield ind1=" " ind2=" " tag="010"><subfield code="a">sf 87093066 </subfield></datafield><datafield ind1=" " ind2=" " tag="040"><subfield code="a">FUL</subfield><subfield code="b">eng</subfield><subfield code="c">FUL</subfield><subfield code="d">OCL</subfield><subfield code="d">PES</subfield><subfield code="d">DLC</subfield><subfield code="d">FUG</subfield><subfield code="d">OCL</subfield><subfield code="d">IUL</subfield><subfield code="d">OCLCQ</subfield><subfield code="d">CRU</subfield><subfield code="d">OCLCF</subfield><subfield code="d">OCLCO</subfield></datafield><datafield ind1="1" ind2=" " tag="029"><subfield code="a">AU@</subfield><subfield code="b">000020128466</subfield></datafield><datafield ind1=" " ind2=" " tag="042"><subfield code="a">msc</subfield></datafield><datafield ind1=" " ind2=" " tag="043"><subfield code="a">n-us-ky</subfield></datafield><datafield ind1="0" ind2="0" tag="050"><subfield code="a">Microfilm 01104 no. 1311-1313 AP</subfield></datafield><datafield ind1="1" ind2="4" tag="050"><subfield code="a">AP2</subfield><subfield code="b">.A1 APSII reel 1311-1313</subfield></datafield><datafield ind1=" " ind2=" " tag="092"><subfield code="a">051</subfield><subfield code="b">A51p2</subfield></datafield><datafield ind1="0" ind2=" " tag="130"><subfield code="a">Western luminary (Lexington, Ky.)</subfield></datafield><datafield ind1="0" ind2="4" tag="245"><subfield code="a">The western luminary</subfield><subfield code="h">[microform].</subfield></datafield><datafield ind1=" " ind2=" " tag="260"><subfield code="a">Lexington, Ky. :</subfield><subfield code="b">Printed by T.T. Skillman,</subfield><subfield code="c">1824-1835.</subfield></datafield><datafield ind1=" " ind2=" " tag="300"><subfield code="a">11 v. ;</subfield><subfield code="c">68 cm.</subfield></datafield><datafield ind1=" " ind2=" " tag="310"><subfield code="a">Weekly</subfield></datafield><datafield ind1="0" ind2=" " tag="362"><subfield code="a">Vol. 1, no. 1 (July 14, 1824)-v. 11 (Oct. 21, 1835).</subfield></datafield><datafield ind1=" " ind2=" " tag="500"><subfield code="a">Several volumes have stained, creased, or torn pages.</subfield></datafield><datafield ind1=" " ind2=" " tag="500"><subfield code="a">Some issues have irregular pagination.</subfield></datafield><datafield ind1=" " ind2=" " tag="500"><subfield code="a">Film incomplete: Vol. 6, nos. 7, 14, 16, 25, 27, 34, 47, and 52 are lacking; Vol. 8, nos. 2-3, 22, 41, 43-44, 46, and 48-49 are lacking; Vol. 9, nos. 1-26 and 49-50 are lacking; Vol. 10, nos. 17, 29, 34-35, 38, 40, 43, and 47 are lacking; Vol. 11, no. 26 to end of volume is lacking.</subfield></datafield><datafield ind1=" " ind2=" " tag="500"><subfield code="a">An interdenominational [newspaper] founded by Thomas T. Skillman in 1824 and published by him for more than ten years before being sold to Eli Taylor of Cincinnati. Cf. American periodicals, 1741-1900.</subfield></datafield><datafield ind1=" " ind2=" " tag="580"><subfield code="a">Merged with: Cincinnati journal (1830); to form: Cincinnati journal &amp; Western luminary.</subfield></datafield><datafield ind1=" " ind2=" " tag="533"><subfield code="a">Microfilm.</subfield><subfield code="b">Ann Arbor, Mich. :</subfield><subfield code="c">Xerox University Microfilms,</subfield><subfield code="d">1972.</subfield><subfield code="e">3 microfilm reels ; 35 mm.</subfield><subfield code="f">(American periodical series, 1800-1850 ; 1311-1313).</subfield></datafield><datafield ind1=" " ind2="0" tag="651"><subfield code="a">Lexington (Ky.)</subfield><subfield code="v">Newspapers.</subfield></datafield><datafield ind1=" " ind2="0" tag="651"><subfield code="a">Fayette County (Ky.)</subfield><subfield code="v">Newspapers.</subfield></datafield><datafield ind1=" " ind2="7" tag="655"><subfield code="a">Newspapers.</subfield><subfield code="2">fast</subfield><subfield code="0">(OCoLC)fst01423814</subfield></datafield><datafield ind1=" " ind2="7" tag="651"><subfield code="a">Kentucky</subfield><subfield code="z">Fayette County.</subfield><subfield code="2">fast</subfield><subfield code="0">(OCoLC)fst01206953</subfield></datafield><datafield ind1=" " ind2="7" tag="651"><subfield code="a">Kentucky</subfield><subfield code="z">Lexington.</subfield><subfield code="2">fast</subfield><subfield code="0">(OCoLC)fst01206432</subfield></datafield><datafield ind1=" " ind2=" " tag="752"><subfield code="a">United States</subfield><subfield code="b">Kentucky</subfield><subfield code="c">Fayette</subfield><subfield code="d">Lexington.</subfield></datafield><datafield ind1="1" ind2=" " tag="776"><subfield code="c">Original</subfield><subfield code="w">(DLC)sn 82014150</subfield><subfield code="w">(OCoLC)8784535</subfield></datafield><datafield ind1="1" ind2="7" tag="785"><subfield code="t">Cincinnati journal (1830)</subfield></datafield><datafield ind1="1" ind2="7" tag="785"><subfield code="t">Cincinnati journal &amp; Western luminary</subfield></datafield><datafield ind1=" " ind2="0" tag="830"><subfield code="a">American periodical series, 1800-1850 ;</subfield><subfield code="v">1311-1313.</subfield></datafield></record>